<collection xmlns="http://www.loc.gov/MARC21/slim">
<record>
  <leader>03960nam0a2200601 i 450 </leader>
  <controlfield tag="001">IT\ICCU\CNCE\012383</controlfield>
  <controlfield tag="005">20091104000000.0</controlfield>
  <datafield tag="012" ind1=" " ind2=" ">
    <subfield code="a">iuni n-ie u-la trhu (3) 1564 (R)</subfield>
    <subfield code="2">fei</subfield>
    <subfield code="9">A</subfield>
  </datafield>
  <datafield tag="012" ind1=" " ind2=" ">
    <subfield code="a">nite e.re u-la trhu (3) 1564 (R)</subfield>
    <subfield code="2">fei</subfield>
    <subfield code="9">B</subfield>
  </datafield>
  <datafield tag="100" ind1=" " ind2=" ">
    <subfield code="a">19970101d1564        0itac0103    ba</subfield>
  </datafield>
  <datafield tag="101" ind1=" " ind2=" ">
    <subfield code="a">ITA</subfield>
  </datafield>
  <datafield tag="102" ind1=" " ind2=" ">
    <subfield code="a">IT</subfield>
  </datafield>
  <datafield tag="200" ind1="1" ind2=" ">
    <subfield code="a">Opere morali di Marco Tullio Cicerone cio ̈tre libri de gli vffici, due dialoghi: l&apos;uno dell&apos;amicitia, e l&apos;altro della vecchiezza, sei paradossi secondo l&apos;openione de gli stoici. Tradotti da Federico Vendramino nobile vinitiano. Alle quali opere s&apos; ̈aggiunto il Sogno di Scipione. Nuouamente riueduti e corretti da Lodouico Dolce con le postille, e con due tauole, vna de&apos; capitoli, e l&apos;altra delle cose notabili</subfield>
  </datafield>
  <datafield tag="210" ind1=" " ind2=" ">
    <subfield code="a">In Vinegia</subfield>
    <subfield code="c">appresso Gabriel Giolito de&apos; Ferrari</subfield>
    <subfield code="d">1564</subfield>
    <subfield code="e">\Venezia</subfield>
    <subfield code="g">Gabriele Giolito de&apos; Ferrari!</subfield>
  </datafield>
  <datafield tag="215" ind1=" " ind2=" ">
    <subfield code="a">\28!, 381, \3! p.</subfield>
    <subfield code="d">8ʻ</subfield>
  </datafield>
  <datafield tag="620" ind1=" " ind2=" ">
    <subfield code="a">IT</subfield>
    <subfield code="d">Venezia</subfield>
  </datafield>
  <datafield tag="700" ind1=" " ind2="1">
    <subfield code="a">Cicero,</subfield>
    <subfield code="b">Marcus Tullius</subfield>
    <subfield code="3">IT\ICCU\CNCA\002170</subfield>
  </datafield>
  <datafield tag="702" ind1=" " ind2="1">
    <subfield code="a">Vendramin,</subfield>
    <subfield code="b">Federico</subfield>
    <subfield code="3">IT\ICCU\CNCA\003066</subfield>
  </datafield>
  <datafield tag="702" ind1=" " ind2="1">
    <subfield code="a">Dolce,</subfield>
    <subfield code="b">Lodovico</subfield>
    <subfield code="3">IT\ICCU\CNCA\000014</subfield>
  </datafield>
  <datafield tag="712" ind1="0" ind2="0">
    <subfield code="a">Giolito De Ferrari, Gabriele</subfield>
    <subfield code="3">IT\ICCU\CNCT\000033</subfield>
    <subfield code="4">650</subfield>
  </datafield>
  <datafield tag="790" ind1=" " ind2="1">
    <subfield code="a">Tullius Cicero,</subfield>
    <subfield code="b">Marcus</subfield>
    <subfield code="3">IT\ICCU\CNCA\020042</subfield>
    <subfield code="z">Cicero, Marcus Tullius</subfield>
  </datafield>
  <datafield tag="790" ind1=" " ind2="1">
    <subfield code="a">Vendramino,</subfield>
    <subfield code="b">Federico</subfield>
    <subfield code="3">IT\ICCU\CNCA\024568</subfield>
    <subfield code="z">Vendramin, Federico</subfield>
  </datafield>
  <datafield tag="790" ind1=" " ind2="1">
    <subfield code="a">Dulcius,</subfield>
    <subfield code="b">Ludovicus</subfield>
    <subfield code="3">IT\ICCU\CNCA\018398</subfield>
    <subfield code="z">Dolce, Lodovico</subfield>
  </datafield>
  <datafield tag="790" ind1=" " ind2="1">
    <subfield code="a">Dolci,</subfield>
    <subfield code="b">Lodovico</subfield>
    <subfield code="3">IT\ICCU\CNCA\018400</subfield>
    <subfield code="z">Dolce, Lodovico</subfield>
  </datafield>
  <datafield tag="791" ind1="0" ind2="0">
    <subfield code="a">Iolitus de Ferrariis, Gabriel</subfield>
    <subfield code="3">IT\ICCU\CNCT\003847</subfield>
    <subfield code="z">Giolito De Ferrari, Gabriele</subfield>
  </datafield>
  <datafield tag="791" ind1="0" ind2="0">
    <subfield code="a">Iolito de Ferrarii, Gabriel</subfield>
    <subfield code="3">IT\ICCU\CNCT\004885</subfield>
    <subfield code="z">Giolito De Ferrari, Gabriele</subfield>
  </datafield>
  <datafield tag="801" ind1=" " ind2="3">
    <subfield code="a">IT</subfield>
    <subfield code="b">ICCU</subfield>
    <subfield code="c">20201113</subfield>
  </datafield>
  <datafield tag="899" ind1=" " ind2=" ">
    <subfield code="a">Biblioteca comunale. Fabriano</subfield>
    <subfield code="z">(Var.B)</subfield>
    <subfield code="1">AN0033</subfield>
    <subfield code="2">URB BF</subfield>
  </datafield>
  <datafield tag="899" ind1=" " ind2=" ">
    <subfield code="a">Biblioteca del comune e dell&apos;Accademia etrusca. Cortona</subfield>
    <subfield code="1">AR0034</subfield>
    <subfield code="2">RT1 QE</subfield>
  </datafield>
  <datafield tag="899" ind1=" " ind2=" ">
    <subfield code="a">Biblioteca civica di Mondov. Mondov</subfield>
    <subfield code="z">(Var.A)</subfield>
    <subfield code="1">CN0065</subfield>
    <subfield code="2">TO0 55</subfield>
  </datafield>
  <datafield tag="899" ind1=" " ind2=" ">
    <subfield code="a">Biblioteca comunale. Como</subfield>
    <subfield code="1">CO0059</subfield>
    <subfield code="2">ZCO 01</subfield>
  </datafield>
  <datafield tag="899" ind1=" " ind2=" ">
    <subfield code="a">Biblioteca del Seminario vescovile Santa Maria della Pace. Cremona</subfield>
    <subfield code="1">CR0061</subfield>
    <subfield code="2">PBE 48</subfield>
  </datafield>
  <datafield tag="899" ind1=" " ind2=" ">
    <subfield code="a">Pontificia Biblioteca Antoniana. Padova</subfield>
    <subfield code="z">(Var.B)</subfield>
    <subfield code="1">EX0020</subfield>
    <subfield code="2">PUV 78</subfield>
  </datafield>
  <datafield tag="899" ind1=" " ind2=" ">
    <subfield code="a">Biblioteca nazionale centrale. Firenze</subfield>
    <subfield code="1">FI0098</subfield>
    <subfield code="2">CFI CF</subfield>
  </datafield>
  <datafield tag="899" ind1=" " ind2=" ">
    <subfield code="a">Biblioteca Labronica Francesco Domenico Guerrazzi. Livorno</subfield>
    <subfield code="z">MUTILO</subfield>
    <subfield code="1">LI0011</subfield>
    <subfield code="2">LIA FA</subfield>
  </datafield>
  <datafield tag="899" ind1=" " ind2=" ">
    <subfield code="a">Biblioteca civica popolare Luigi Ricca. Codogno</subfield>
    <subfield code="1">LO0014</subfield>
    <subfield code="2">ZLO 02</subfield>
  </datafield>
  <datafield tag="899" ind1=" " ind2=" ">
    <subfield code="a">Biblioteca statale. Lucca</subfield>
    <subfield code="1">LU0022</subfield>
    <subfield code="2">LUA BL</subfield>
  </datafield>
  <datafield tag="899" ind1=" " ind2=" ">
    <subfield code="a">Biblioteca Ambrosiana. Milano</subfield>
    <subfield code="1">MI0133</subfield>
    <subfield code="2">VBA 01</subfield>
  </datafield>
  <datafield tag="899" ind1=" " ind2=" ">
    <subfield code="a">Biblioteca nazionale Vittorio Emanuele III. Napoli</subfield>
    <subfield code="z">MUTILO</subfield>
    <subfield code="1">NA0079</subfield>
    <subfield code="2">NAP BN</subfield>
  </datafield>
  <datafield tag="899" ind1=" " ind2=" ">
    <subfield code="a">Biblioteca centrale della Regione siciliana Alberto Bombace. Palermo</subfield>
    <subfield code="1">PA0064</subfield>
    <subfield code="2">PAL BP</subfield>
  </datafield>
  <datafield tag="899" ind1=" " ind2=" ">
    <subfield code="a">Biblioteca comunale Passerini Landi. Piacenza</subfield>
    <subfield code="1">PC0030</subfield>
    <subfield code="2">PIA PL</subfield>
  </datafield>
  <datafield tag="899" ind1=" " ind2=" ">
    <subfield code="a">Biblioteca comunale Sperelliana. Gubbio</subfield>
    <subfield code="1">PG0049</subfield>
    <subfield code="2">UM1 11</subfield>
  </datafield>
  <datafield tag="899" ind1=" " ind2=" ">
    <subfield code="a">Biblioteca comunale Augusta. Perugia</subfield>
    <subfield code="1">PG0109</subfield>
    <subfield code="2">UM1 01</subfield>
  </datafield>
  <datafield tag="899" ind1=" " ind2=" ">
    <subfield code="a">Biblioteca Palatina. Parma</subfield>
    <subfield code="1">PR0072</subfield>
    <subfield code="2">PAR PA</subfield>
  </datafield>
  <datafield tag="899" ind1=" " ind2=" ">
    <subfield code="a">Biblioteca francescana. Castellare di Pescia</subfield>
    <subfield code="1">PT0046</subfield>
    <subfield code="2">RT1 QT</subfield>
  </datafield>
  <datafield tag="899" ind1=" " ind2=" ">
    <subfield code="a">Biblioteca comunale Ugo Nomi Venerosi-Pesciolini. San Gimignano</subfield>
    <subfield code="z">(Var.B)</subfield>
    <subfield code="1">SI0037</subfield>
    <subfield code="2">RT1 PN</subfield>
  </datafield>
  <datafield tag="899" ind1=" " ind2=" ">
    <subfield code="a">Biblioteca nazionale Marciana. Venezia</subfield>
    <subfield code="1">VE0049</subfield>
    <subfield code="2">VEA BM</subfield>
  </datafield>
  <datafield tag="899" ind1=" " ind2=" ">
    <subfield code="a">Biblioteca del Seminario vescovile. Vicenza</subfield>
    <subfield code="1">VI0101</subfield>
    <subfield code="2">PBE D1</subfield>
  </datafield>
  <datafield tag="899" ind1=" " ind2=" ">
    <subfield code="a">Biblioteca civica. Verona</subfield>
    <subfield code="1">VR0059</subfield>
    <subfield code="2">ZVR 02</subfield>
  </datafield>
  <datafield tag="911" ind1=" " ind2=" ">
    <subfield code="a">Sul front.</subfield>
    <subfield code="9">IT\ICCU\CNCM\000881</subfield>
  </datafield>
  <datafield tag="911" ind1=" " ind2=" ">
    <subfield code="a">In fine</subfield>
    <subfield code="9">IT\ICCU\CNCM\002054</subfield>
  </datafield>
  <datafield tag="921" ind1=" " ind2=" ">
    <subfield code="a">IT\ICCU\CNCM\000881</subfield>
    <subfield code="b">Fenice su fiamme che si sprigionano da anfora recante le iniziali G.G.F. L&apos;anfora  ̈sorretta da due satiri con ramoscello in mano.</subfield>
    <subfield code="e">De la mia morte eterna vita i vivo. - Semper eadem.</subfield>
    <subfield code="c">A119</subfield>
    <subfield code="d">Dimensioni: 2,5 x 3,8</subfield>
    <subfield code="f">FENICE</subfield>
    <subfield code="f">ANFORA</subfield>
    <subfield code="g">1548-1569</subfield>
  </datafield>
  <datafield tag="921" ind1=" " ind2=" ">
    <subfield code="a">IT\ICCU\CNCM\002054</subfield>
    <subfield code="b">Fenice, rivolta al sole, su fiamme che si sprigionano da globo alato recante  le iniziali G.G.F.</subfield>
    <subfield code="e">Semper eadem</subfield>
    <subfield code="c">A123</subfield>
    <subfield code="d">Dimensioni: 6 x 7,8</subfield>
    <subfield code="f">FENICE</subfield>
    <subfield code="f">GLOBO</subfield>
    <subfield code="f">GGF</subfield>
    <subfield code="g">1542-1584</subfield>
  </datafield>
</record>
</collection>
